<?xml version='1.0' encoding='UTF-8'?>
<record xmlns="http://www.loc.gov/MARC21/slim">
  <leader>00843cam a2200229 a 4500</leader>
  <controlfield tag="001">463037</controlfield>
  <controlfield tag="003">NjP</controlfield>
  <controlfield tag="005">20170619131046.0</controlfield>
  <controlfield tag="008">880824s1949    ua      rb    000|0 ara d</controlfield>
  <datafield tag="024" ind1="7" ind2=" ">
    <subfield code="a">princeton_aco002687</subfield>
    <subfield code="2">local</subfield>
  </datafield>
  <datafield ind1=" " ind2=" " tag="035">
    <subfield code="a">(OCoLC)175307349</subfield>
  </datafield>
  <datafield ind1=" " ind2=" " tag="035">
    <subfield code="a">(CStRLIN)NJPG88-B42499</subfield>
  </datafield>
  <datafield ind1=" " ind2=" " tag="035">
    <subfield code="9">ACD8693TS</subfield>
  </datafield>
  <datafield ind1=" " ind2=" " tag="040">
    <subfield code="a">NjP</subfield>
    <subfield code="c">NjP</subfield>
  </datafield>
  <datafield ind1="1" ind2=" " tag="100">
    <subfield code="a">Karam, Yusuf,</subfield>
    <subfield code="d">1886-1959.</subfield>
  </datafield>
  <datafield ind1="1" ind2="0" tag="245">
    <subfield code="a">Tārīkh al-falsafah al-ḥadīthah /</subfield>
    <subfield code="c">Yūsuf Karam.</subfield>
  </datafield>
  <datafield ind1=" " ind2=" " tag="260">
    <subfield code="a">Miṣr :</subfield>
    <subfield code="b">Dār al-Maʻārif,</subfield>
    <subfield code="c">[1949]</subfield>
  </datafield>
  <datafield ind1=" " ind2=" " tag="300">
    <subfield code="a">454 p. ;</subfield>
    <subfield code="c">25 cm.</subfield>
  </datafield>
  <datafield ind1=" " ind2=" " tag="504">
    <subfield code="a">Includes bibliographical references (p. [441]-442).</subfield>
  </datafield>
  <datafield ind1=" " ind2=" " tag="533">
    <subfield code="a">Photocopy.</subfield>
    <subfield code="b">[Austin, TX] :</subfield>
    <subfield code="c">BookLab, Inc.,</subfield>
    <subfield code="d">1993</subfield>
    <subfield code="7">s1993    txun r</subfield>
  </datafield>
  <datafield ind1=" " ind2="0" tag="650">
    <subfield code="a">Philosophy, Modern</subfield>
    <subfield code="x">History.</subfield>
    <subfield code="0">http://id.loc.gov/authorities/subjects/sh2008109247</subfield>
  </datafield>
  <datafield ind1=" " ind2=" " tag="998">
    <subfield code="a">04/22/93</subfield>
    <subfield code="s">9118</subfield>
    <subfield code="n">NjP</subfield>
    <subfield code="w">NJPG88B42499</subfield>
    <subfield code="d">08/24/88</subfield>
    <subfield code="c">JAB</subfield>
    <subfield code="b">SLT</subfield>
    <subfield code="i">930422</subfield>
    <subfield code="l">NJPG</subfield>
  </datafield>
  <datafield ind1=" " ind2=" " tag="911">
    <subfield code="a">19930429</subfield>
  </datafield>
  <datafield ind1=" " ind2=" " tag="912">
    <subfield code="a">19930422000000.0</subfield>
  </datafield>
  <datafield ind1="0" ind2="0" tag="852">
    <subfield code="0">503554</subfield>
    <subfield code="b">rcppa</subfield>
    <subfield code="t">1</subfield>
    <subfield code="h">B791</subfield>
    <subfield code="i">.K37</subfield>
    <subfield code="x">tr fr arab</subfield>
  </datafield>
  <datafield ind1=" " ind2=" " tag="959">
    <subfield code="a">2000-06-13 00:00:00 -0500</subfield>
  </datafield>
</record>
